@comment{This file has been generated by Pybliographer}


@PhdThesis{AM09,
  Author         = {{Alastair McKinley}},
  Title          = {Novel {B}it-{L}oading {A}lgorithms {F}or {S}pectrum
                   {B}alancing {I}n {D}igital {S}ubscriber {L}ines},
  School         = {Queen's University Belfast},
  month          = sep,
  year           = 2009
}

@InProceedings{WW95,
  Author         = {W.T. Webb, R.Steele},
  Title          = {Variable {R}ate {QAM} for {M}obile {R}adio},
  BookTitle      = {I{EEE} {T}ransactions on {C}ommunications},
  Volume         = {43},
  Number         = {7},
  journal        = {IEEE Transactions on Communications},
  month          = {7 } # jul,
  year           = 1995
}

@PhdThesis{SJ08,
  Author         = {{Sumanth Jagannathan}},
  Title          = {Interference and outage optimization in multi-user
                   multi-carrier communication systems},
  School         = {Stanford University},
  year           = 2008
}

@Book{TS99,
  Author         = {Thomas Starr, John M. Cioffi, Peter J. Silverman},
  Title          = {Understanding {D}igital {S}ubscriber {L}ine
                   {T}echnology},
  Publisher      = {Prentice Hall},
  year           = 1999
}

@Misc{OfC,
  Author         = {OfCom},
  Title          = {U{K} fixed broadband speeds, {N}ovember/{D}ecember
                   2010},
  HowPublished   = {http://stakeholders.ofcom.org.uk/market-data-research/telecoms-research/broadband-speeds/speeds-nov-dec-2010/},
  month          = {2 } # mar,
  year           = 2011
}

@Article{Fly72,
  Author         = {Flynn, M},
  Title          = {Some {C}omputer {O}rganizations and {T}heir
                   {E}ffectiveness},
  Journal        = {IEEE Transactions on Computers},
  month          = sep,
  year           = 1972
}

@Book{KH84,
  Author         = {Kai Hwant, Faye A. Briggs},
  Title          = {Computer {A}rchitecture and {P}arallel {P}rocessing},
  Publisher      = {McGraw-Hill Book Company},
  year           = 1984
}

@InBook{JDJZW03,
  Author         = {{J.E. Dennis Jr; Zhijun Wu}},
  Title          = {Sourcebook of {P}arallel {C}omputing},
  Chapter        = {Parallel Continuous Optimisation},
  Publisher      = {Morgan Kaufmann},
  year           = 2003
}

@Book{TS03,
  Author         = {Thomas Starr, John M. Cioffi, Peter J. Silverman},
  Title          = {D{SL} {A}dvances},
  Publisher      = {Prentice Hall},
  year           = 2003
}

@Book{WHP92,
  Author         = {William H. Press, Saul A. Teukolsky, William T.
                   Vetterling},
  Title          = {Numerical {R}ecipies in {F}ortran 90},
  Publisher      = {Cambridge University Press},
  year           = 1992
}

@Manual{ETSI03,
  Title          = {A{NSI}. {S}pectrum management for loop transmission
                   systems.},
  Organization   = {ANSI},
  Edition        = {T1.417-2003},
  month          = sep,
  year           = 2003
}

@Article{WY01,
  Author         = {Wei Yu, G. Ginis, J.M. Cioffi},
  Title          = {An adaptive multiuser power control algorithm for
                   {VDSL}},
  Journal        = {IEEE Global Telecommunications Conference, 2001.
                   GLOBECOM '01.},
  year           = 2001
}

@Misc{Hum08,
  Author         = {Humber, A},
  Title          = {Tokyo {T}ech {B}uilds {F}irst {T}esla {GPU} {B}ased
                   {H}eterogeneous {C}luster {T}o {R}each {T}op 500},
  HowPublished   = {http://www.nvidia.com/object/io\_1226945999108.html},
  month          = nov,
  year           = 2008
}

@Book{DBK10,
  Author         = {David B. Kirk, Wen-mei W. Hwu},
  Title          = {Programming {M}assively {P}arallel {P}rocessors: {A}
                   {H}ands-on {A}pproach},
  Publisher      = {Morgan Kaufmann Publishers},
  year           = 2010
}

@Article{RC04,
  Author         = {R. Cendrillon, M. Moonen, J. Verlinden},
  Title          = {Optimal multiuser spectrum management for digital
                   subscriber lines},
  Journal        = {IEEE International Conference on Communications},
  Volume         = {1},
  Pages          = {1-5},
  year           = 2004
}

@Misc{iVE10,
  Author         = {iVEC},
  Title          = {High {P}erformance {GPU} {C}omputing with {NVIDIA},
                   {CUDA}, and {F}ermi},
  HowPublished   = {http://www.ivec.org/events/2011-01/high-performance-gpu-computing-nvidia-cuda-and-fermi},
  month          = aug,
  year           = 2010
}

@InProceedings{Amd67,
  Author         = {Amdahl, G},
  Title          = {The validity of the single processor approach to
                   achieving large-scale computing capabilities},
  BookTitle      = {Proceedings of {AFIPS} {S}pring {J}oint {C}omputer
                   {C}onference},
  month          = apr,
  year           = 1967
}

@Misc{KF08,
  Author         = {{Kayvon Fatahalian}},
  Title          = {From {S}hader {C}ode to a {T}eraflop: {H}ow {S}hader
                   {C}ores {W}ork},
  HowPublished   = {http://s08.idav.ucdavis.edu/fatahalian-gpu-architecture.pdf},
  year           = 2008
}

@Misc{NC11,
  Author         = {{NVidia Corporation}},
  Title          = {C{UDA} {C} {P}rogramming {G}uide},
  HowPublished   = {http://developer.download.nvidia.com/compute/cuda/4\_0\_rc2/toolkit/docs/CUDA\_C\_Programming\_Guide.pdf},
  month          = apr,
  year           = 2011
}

@Article{CA06,
  Author         = {C.M. Akujuobi, J. Shen Sadiku, M.N.O.},
  Title          = {A new parallel greedy bit-loading algorithm with
                   fairness for multiple users in a dmt system},
  Journal        = {IEEE Transactions on Communications,},
  Volume         = {54},
  Number         = {8},
  Pages          = {1374-1380},
  month          = aug,
  year           = 2006
}

@Article{WYaRL06,
  Author         = {{Wei Yu and R. Lui.}},
  Title          = {Dual methods for nonconvex spectrum optimization of
                   multicarrier systems.},
  Journal        = {Communications, IEEE Transactions on,},
  month          = jun,
  year           = 2006
}

@Article{GU82,
  Author         = {{G. Ungerboeck}},
  Title          = {Channel coding with multilevel/phase signals},
  Journal        = {IEEE Transactions on Information Theory},
  Volume         = {IT-28},
  Pages          = {55-67},
  year           = 1982
}

@Misc{BP11,
  Author         = {{BT PLC.}},
  Title          = {Results for the third quarter and nine months to 31
                   {D}ecember 2010},
  HowPublished   = {http://www.btplc.com/News/Articles/Showarticle.cfm?ArticleID=E9EBBBBE-5744-4DF7-B30C-D279879ADA77},
  month          = {3 } # feb,
  year           = 2011
}

@Article{Tur36,
  Author         = {Turing, A.M.},
  Title          = {On {C}omputable {N}umbers, with an {A}pplication to
                   the {E}ntscheidungsproblem},
  Journal        = {Proceedings of the London Mathematical Society},
  year           = 1936
}

@Article{H.L01,
  Author         = {H.Levin},
  Title          = {A {C}omplete and {O}ptimal {D}ata {A}llocation
                   {M}ethod for {P}ractical {DMT} systems},
  Journal        = {IEE JSAC},
  month          = apr,
  year           = 2001
}

@Article{JL05,
  Author         = {J. Lee, R.V. Sonalkar, J.M. Cioffi.},
  Title          = {A multi-user power control algorithm for digital
                   subscriber lines.},
  Journal        = {IEEE Communications Letters,},
  Volume         = {9},
  Number         = {3},
  Pages          = {193-195},
  month          = apr,
  year           = 2005
}

@InProceedings{Yeh91,
  Author         = {Yeh, T.-Y.; Patt, Y. N.},
  Title          = {Two-{L}evel {A}daptive {T}raining {B}ranch
                   {P}rediction},
  BookTitle      = {Proceedings of the 24th annual international symposium
                   on {M}icroarchitecture},
  journal        = {Proceedings of the 24th annual international symposium
                   on Microarchitecture},
  year           = 1991
}

@InProceedings{GTaWH00,
  Author         = {{Georg Taubock and Werner Henkel}},
  Title          = {M{IMO} {S}ystems in the {S}ubscriber-{L}ine {N}etwork},
  BookTitle      = {5th {I}nternational {OFDM}-{W}orkshop 2000},
  year           = 2000
}

@Misc{OfNS10,
  Author         = {{Office for National Statistics}},
  Title          = {Internet {A}ccess},
  HowPublished   = {http://www.statistics.gov.uk/cci/nugget.asp?id=8},
  month          = {27 } # aug,
  year           = 2010
}

@Article{KK93,
  Author         = {{K.J. Kerpez}},
  Title          = {Near-end crosstalk is almost gaussian},
  Journal        = {IEEE Transactions on Communications},
  Volume         = {41},
  Number         = {5},
  Pages          = {670-672},
  month          = may,
  year           = 1993
}

@Article{JACB90,
  Author         = {{J. A. C. Bingham.}},
  Title          = {Multicarrier modulation for data transmission: an idea
                   whose time has come.},
  Journal        = {IEEE Communications Magazine},
  Volume         = {28},
  Number         = {5},
  Pages          = {5-14},
  month          = may,
  year           = 1990
}

@InBook{STC07,
  Author         = {{Seong Taek Chung}},
  Title          = {Implementation and {A}pplications of {DSL}
                   {T}echnology},
  Chapter        = {Dynamic Spectrum Management},
  Publisher      = {Auerback Publications},
  year           = 2007
}

@Article{JMC91,
  Author         = {{J. M. Cioffi.}},
  Title          = {A multicarrier primer.},
  Journal        = {ANSI T1E1},
  year           = 1991
}

@Misc{NC07,
  Author         = {{NVidia Corporation}},
  Title          = {Compute {U}nified {D}evice {A}rchitecture
                   {P}rogramming {G}uide},
  HowPublished   = {http://developer.download.nvidia.com/compute/cuda/1\_0/NVIDIA\_CUDA\_Programming\_Guide\_1.0.pdf},
  year           = 2007
}

@Misc{Rab07,
  Author         = {Rabaey, JM},
  Title          = {Scaling the {P}ower {W}all: {R}evisiting the
                   {L}ow-{P}ower {D}esign {R}ules},
  HowPublished   = {http://www.utdallas.edu/~vojin/classes/EE-7V82/Lectures/Rabey-PowerWall.pdf},
  month          = nov,
  year           = 2007
}

@Misc{GR10,
  Author         = {{Gerard Richter}},
  Title          = {Rutgers {CS}510, {N}umerical {A}nalysis module notes},
  HowPublished   = {http://www.cs.rutgers.edu/~richter/cs510/},
  month          = sep,
  year           = 2010
}

@Article{STC03,
  Author         = {Seong Taek Chung, Seung Jean Kim, Jungwon Lee},
  Title          = {A game-theoretic approach to power allocation in
                   frequency-selective gaussian interference channels},
  Journal        = {IEEE International Symposium on Information Theory,
                   2003. Proceedings.},
  month          = jun,
  year           = 2003
}

@Misc{NC10,
  Author         = {{Nvidia Corporation}},
  Title          = {Tesla {C}2050/2070 {P}roduct {B}rief},
  HowPublished   = {http://www.nvidia.com/docs/IO/43395/NV\_DS\_Tesla\_C2050\_C2070\_jul10\_lores.pdf},
  year           = 2010
}

@InProceedings{Alc07,
  Author         = {Alcatel-Lucent, Adtran Inc., Conexant Systems},
  Title          = {Revised 100 pair channel model with asymmetry},
  BookTitle      = {A{NSI} {C}ontribution {NIPP}-{NAI}-2007-183},
  month          = nov,
  year           = 2007
}

@Article{WYaJC00,
  Author         = {{Wei Yu and J.M. Cioffi}},
  Title          = {Competitive equilibrium in the {G}aussian interference
                   channel},
  Journal        = {IEEE International Symposium on Information Theory,
                   2000. Proceedings.},
  year           = 2000
}

@Article{FSj99,
  Author         = {F. Sjoberg, M. Isaksson, R. Nilsson and jesson.},
  Title          = {Zipper: a duplex method for vdsl based on dmt},
  Journal        = {IEEE Transactions on Communications,},
  Volume         = {54},
  Number         = {8},
  Pages          = {1245-1252},
  month          = aug,
  year           = 1999
}

@Misc{MF08,
  Author         = {M Fatica, P LeGresley, I Buck},
  Title          = {High {P}erformance {C}omputing with {CUDA}},
  HowPublished   = {http://www.cs.bris.ac.uk/~simonm/conferences/isc09/Fatica.pdf},
  year           = 2008
}

@Article{JLG88,
  Author         = {{John L. Gustafson}},
  Title          = {Reevaluating {A}mdahl's {L}aw},
  Journal        = {Communications of the ACM},
  Volume         = {31},
  Number         = {5},
  Pages          = {532-533},
  year           = 1988
}

@Misc{Var,
  Author         = {Various},
  Title          = {Orthogonal frequency-division multiplexing: {K}ey
                   {F}eatures},
  HowPublished   = {http://en.wikipedia.org/wiki/Orthogonal\_frequency-division\_multiplexing\#Key\_features},
  month          = nov,
  year           = 10
}

@Misc{RB03,
  Author         = {Robert Baldemair, Michael Horvat, Tomas Nordstr\"om},
  Title          = {Proposed {M}ethod on {C}rosstalk {C}alculations in a
                   {D}istributed {E}nvironment},
  HowPublished   = {http://www.nordstrom.nu/tomas/publications/BalEtAl\_2003\_ETSITM6\_033w07.pdf},
  year           = 2003
}

@InBook{Cio97,
  Author         = {Cioffi, J M; Forney, G D},
  Title          = {Generalized decision-feedback equalization for packet
                   transmission with {ISI} and {G}aussian noise},
  Chapter        = {4},
  Pages          = {67-79},
  Publisher      = {Kluwer Academic Publishers},
  year           = 1997
}

@InProceedings{RML80,
  Author         = {Robert M. Lougheed, David L. McCubbrey},
  Title          = {The cytocomputer: {A} practical pipelined image
                   processor},
  BookTitle      = {I{SCA} '80 {P}roceedings of the 7th annual symposium
                   on {C}omputer {A}rchitecture},
  journal        = {ISCA '80 Proceedings of the 7th annual symposium on
                   Computer Architecture},
  year           = 1980
}

@Article{Pap06,
  Author         = {Papandriopoulos, J.; Evans, J.S.},
  Title          = {Low-{C}omplexity {D}istributed {A}lgorithms for
                   {S}pectrum {B}alancing in {M}ulti-{U}ser {DSL}
                   {N}etworks},
  Journal        = {IEEE International Conference on Communications, 2006.
                   ICC '06.},
  Pages          = {3270-3275},
  month          = jun,
  year           = 2006
}

@Article{Ree59,
  Author         = {{I. S. Reed and G. Solomon}},
  Title          = {Polynomial {C}odes over {C}ertain {F}inite {F}ields},
  Journal        = {Journal of the Society for Industrial and Applied
                   Mathematics},
  Volume         = {8},
  Pages          = {300-304},
  month          = jan,
  year           = 1959
}

@Article{Moo65,
  Author         = {Moore, Gordon E.},
  Title          = {Cramming more components onto integrated circuit},
  Journal        = {Electronics Magazine},
  year           = 1965
}

@Article{Cen05,
  Author         = {Cendrillon, R. Moonen, M.},
  Title          = {Iterative spectrum balancing for digital subscriber
                   lines},
  Journal        = {IEEE International Conference on Communications, 2005.
                   ICC 2005.},
  Volume         = {3},
  Pages          = {1937-1941},
  month          = may,
  year           = 2005
}

@Misc{JC06,
  Author         = {J. Cioffi, M. Brady, V. Pourahmad},
  Title          = {Vectored {DSL}s with {DSM}: {T}he road to {U}biquitous
                   {G}igabit {DSL}s},
  year           = 2006
}

@Book{Gou96,
  Author         = {Goulub, Gene H. Van Loan, Charles F.},
  Title          = {Matrix {C}omputations, {T}hird {E}dition},
  Publisher      = {The Johns Hopkins University Press},
  year           = 1996
}

@InBook{Sal03,
  Author         = {Saltzberg, Burton R.},
  Title          = {Wiley {E}ncyclopedia of {T}elecommunications},
  Chapter        = {Carrierless Amplitude Phase Modulation},
  Publisher      = {John Wiley \& Sons, Inc},
  year           = 2003
}

@Article{Zhi03,
  Author         = {Zhirnov, V.V.; Cavin, R.K.},
  Title          = {Limits to {B}inary {L}ogic {S}witch {S}caling--{A}
                   {G}edanken {M}odel},
  Journal        = {Proceedings of the IEEE},
  month          = nov,
  year           = 2003
}

@Misc{Var11,
  Author         = {Various},
  Title          = {Intel {C}ore i7: {S}andy {B}ridge overview},
  HowPublished   = {http://en.wikipedia.org/wiki/Sandy\_Bridge},
  month          = apr,
  year           = 2011
}

@Article{GG00,
  Author         = {G. Ginis, J.M. Cioffi},
  Title          = {Vectored-{DMT}: {A} {FEXT} cancelling {DSL} {S}ystem},
  Journal        = {Globecom 2000},
  year           = 2000
}

@Article{CS48,
  Author         = {{C.E. Shannon.}},
  Title          = {Mathematical theory of communication.},
  Journal        = {Bell System Technical Journal},
  Volume         = {27},
  Number         = {3-4},
  Pages          = {379-423},
  year           = 1948
}

@Misc{VN45,
  Author         = {Von Neumann, J},
  Title          = {First {D}raft of a {R}eport on the {EDVAC}},
  HowPublished   = {Reporting to United States Army Ordnance Department},
  month          = jun,
  year           = 1945
}

@Article{PT06,
  Author         = {P. Tsiaflakis, J. Vangorp, M. Moonen},
  Title          = {A low complex- ity branch and bound approach to
                   optimal spectrum balancing for digital subscriber
                   lines.},
  Journal        = {In GLOBECOM - IEEE Global Telecommunications
                   Conference,},
  month          = nov,
  year           = 2006
}

