@book{Kirk:2010:PMP:1841511,
 author = {Kirk, David B. and Hwu, Wen-mei W.},
 title = {Programming Massively Parallel Processors: A Hands-on Approach},
 year = {2010},
 isbn = {0123814723, 9780123814722},
 edition = {1st},
 publisher = {Morgan Kaufmann Publishers Inc.},
 address = {San Francisco, CA, USA},
} 
